<collection xmlns="http://www.loc.gov/MARC21/slim">
<record>
  <leader>00389na 0a22001091i 450 </leader>
  <controlfield tag="001">IT\ICCU\CNCE\074570</controlfield>
  <controlfield tag="005">20090916000000.0</controlfield>
  <datafield tag="100" ind1=" " ind2=" ">
    <subfield code="a">20090916             0itac0103    ba</subfield>
  </datafield>
  <datafield tag="101" ind1=" " ind2=" ">
    <subfield code="a">ITA</subfield>
  </datafield>
  <datafield tag="200" ind1="1" ind2=" ">
    <subfield code="a">Apologia intorno all&apos;ordine tenuto ne gli anni, &amp; nell&apos;altre cose di maggior dubbio, descritta dal sig.r Cesare Campana ...</subfield>
  </datafield>
  <datafield tag="700" ind1=" " ind2="1">
    <subfield code="a">Campana,</subfield>
    <subfield code="b">Cesare</subfield>
    <subfield code="3">IT\ICCU\CNCA\002456</subfield>
  </datafield>
  <datafield tag="801" ind1=" " ind2="3">
    <subfield code="a">IT</subfield>
    <subfield code="b">ICCU</subfield>
    <subfield code="c">20201115</subfield>
  </datafield>
</record>
</collection>
